@book{alexander2006fundamentos,
  title={Fundamentos de circuitos el{\'e}ctricos},
  author={Alexander, Charles K and Sadiku, Matthew NO and Berm{\'u}dez, Aristeo Vera and Pedraza, Carlos Roberto Cordero},
  year={2013},
  publisher={McGraw-Hill}
}